# -----------------------------------------------------------------
# References
# -----------------------------------------------------------------
#
# Notes:
#
# 1. Use \href for all the links, rather than url for the web links,
#    as it keeps the fonts in the final document the same
#    (url generates a true-type hyperlink)
#
# -----------------------------------------------------------------

# -----------------------------------------------------------------
# A
# -----------------------------------------------------------------

@misc{
	Altera_FFT_UG_2017,
	author={Altera},
	note={(\href{https://www.intel.com/content/www/us/en/docs/programmable/683374}
	      {ug\_fft-683374-667064.pdf})},
	title={{FFT IP Core User Guide (version 17.1)}},
	month=nov,
	year={2017}
}



